<record xmlns='http://www.loc.gov/MARC21/slim'><leader>01146cim a22003012u 4500</leader><controlfield tag='001'>3600401</controlfield><controlfield tag='005'>20151214182555.0</controlfield><controlfield tag='007'>ss|lmnjluz|nuu</controlfield><controlfield tag='008'>991101s1986    nyunnn         l    eng d</controlfield><datafield ind1=' ' ind2=' ' tag='035'><subfield code='a'>(NIC)notisASF7466</subfield></datafield><datafield ind1=' ' ind2=' ' tag='035'><subfield code='a'>3600401</subfield></datafield><datafield ind1=' ' ind2=' ' tag='035'><subfield code='a'>(OCoLC)63895996</subfield></datafield><datafield ind1=' ' ind2=' ' tag='040'><subfield code='a'>NIC</subfield><subfield code='c'>NIC</subfield><subfield code='d'>NIC</subfield></datafield><datafield ind1='1' ind2=' ' tag='100'><subfield code='a'>Ehrenreich, Barbara.</subfield></datafield><datafield ind1='1' ind2='4' tag='245'><subfield code='a'>The feminist movement today: a historical perspective</subfield><subfield code='h'>[sound recording]</subfield></datafield><datafield ind1=' ' ind2=' ' tag='260'><subfield code='c'>1986.</subfield></datafield><datafield ind1=' ' ind2=' ' tag='300'><subfield code='a'>1 sound cassette (80 min.) :</subfield><subfield code='b'>analog, mono.</subfield></datafield><datafield ind1=' ' ind2=' ' tag='500'><subfield code='a'>Recorded in Ithaca, NY by Cornell University.</subfield></datafield><datafield ind1=' ' ind2=' ' tag='500'><subfield code='a'>Sponsored by: Women&apos;s Studies Program,Telluride Association.</subfield></datafield><datafield ind1=' ' ind2=' ' tag='518'><subfield code='a'>Lecture, March 10, 1986.</subfield></datafield><datafield ind1=' ' ind2=' ' tag='520'><subfield code='a'>Ehrenreich talks about the gains women have made through the feminist movement but focuses mainly on the problems that women still face, particularly abortion, sexuality, and economic rights.</subfield></datafield><datafield ind1=' ' ind2='0' tag='650'><subfield code='a'>Feminism.</subfield></datafield><datafield ind1=' ' ind2='0' tag='650'><subfield code='a'>Women&apos;s rights.</subfield></datafield><datafield ind1=' ' ind2='7' tag='650'><subfield code='a'>Feminism</subfield><subfield code='2'>fast</subfield><subfield code='0'>(OCoLC)fst00922671</subfield></datafield><datafield ind1=' ' ind2='7' tag='650'><subfield code='a'>Women&apos;s rights</subfield><subfield code='2'>fast</subfield><subfield code='0'>(OCoLC)fst01178818</subfield></datafield><datafield ind1='1' ind2=' ' tag='899'><subfield code='a'>CULectures</subfield></datafield><datafield ind1=' ' ind2=' ' tag='905'><subfield code='a'>19991201120000.0</subfield></datafield><datafield ind1='2' ind2=' ' tag='948'><subfield code='a'>20141221</subfield><subfield code='b'>m</subfield><subfield code='d'>batch</subfield><subfield code='e'>lts</subfield><subfield code='x'>addfast</subfield></datafield></record>